<record><leader>00000cas a2200000 a 4500</leader><controlfield tag="001">607526329</controlfield><controlfield tag="006">m     o  d        </controlfield><controlfield tag="007">cr |||||||||||</controlfield><controlfield tag="008">100416d18541857gauwr nso     |    0eng c</controlfield><datafield ind1=" " ind2=" " tag="010"><subfield code="a">  2010233030</subfield></datafield><datafield ind1=" " ind2=" " tag="040"><subfield code="a">GUA</subfield><subfield code="b">eng</subfield><subfield code="c">GUA</subfield><subfield code="d">GUA</subfield><subfield code="d">OCLCQ</subfield><subfield code="d">OCLCF</subfield><subfield code="d">OCLCO</subfield></datafield><datafield ind1=" " ind2=" " tag="042"><subfield code="a">pcc</subfield></datafield><datafield ind1=" " ind2=" " tag="043"><subfield code="a">n-us-ga</subfield></datafield><datafield ind1="0" ind2="4" tag="245"><subfield code="a">The Atlanta weekly examiner</subfield><subfield code="h">[electronic resource].</subfield></datafield><datafield ind1=" " ind2=" " tag="260"><subfield code="a">[Atlanta, Ga. :</subfield><subfield code="b">William Kay,</subfield><subfield code="c">1854-1857]</subfield></datafield><datafield ind1=" " ind2=" " tag="310"><subfield code="a">Weekly</subfield></datafield><datafield ind1="1" ind2=" " tag="362"><subfield code="a">Print began in 1854, ceased in 1857?</subfield></datafield><datafield ind1=" " ind2=" " tag="588"><subfield code="a">Description based on: Vol. 2, no. 19 (Dec. 20, 1855); title from pdf image of caption (Georgia Historical Newspapers, viewed Apr. 7, 2010).</subfield></datafield><datafield ind1=" " ind2=" " tag="588"><subfield code="a">Latest issue consulted: Vol. 2, no. 19 (Dec. 20, 1855), viewed Apr. 7, 2010.</subfield></datafield><datafield ind1=" " ind2="0" tag="651"><subfield code="a">Atlanta (Ga.)</subfield><subfield code="v">Newspapers.</subfield></datafield><datafield ind1=" " ind2="0" tag="651"><subfield code="a">Fulton County (Ga.)</subfield><subfield code="v">Newspapers.</subfield></datafield><datafield ind1=" " ind2="7" tag="655"><subfield code="a">Newspapers.</subfield><subfield code="2">fast</subfield><subfield code="0">(OCoLC)fst01423814</subfield></datafield><datafield ind1=" " ind2="7" tag="651"><subfield code="a">Georgia</subfield><subfield code="z">Atlanta.</subfield><subfield code="2">fast</subfield><subfield code="0">(OCoLC)fst01204627</subfield></datafield><datafield ind1=" " ind2="7" tag="651"><subfield code="a">Georgia</subfield><subfield code="z">Fulton County.</subfield><subfield code="2">fast</subfield><subfield code="0">(OCoLC)fst01211153</subfield></datafield><datafield ind1=" " ind2=" " tag="752"><subfield code="a">United States</subfield><subfield code="b">Georgia</subfield><subfield code="c">Fulton</subfield><subfield code="d">Atlanta.</subfield></datafield><datafield ind1="0" ind2=" " tag="775"><subfield code="t">Atlanta daily examiner</subfield><subfield code="w">(DLC)  2010233035</subfield><subfield code="w">(OCoLC)607530869</subfield></datafield><datafield ind1="0" ind2="8" tag="776"><subfield code="i">Print version:</subfield><subfield code="t">Atlanta weekly examiner</subfield><subfield code="w">(DLC)sn 90052349</subfield><subfield code="w">(OCoLC)21477870</subfield></datafield><datafield ind1="0" ind2="0" tag="785"><subfield code="t">Atlanta weekly intelligencer and examiner</subfield></datafield><datafield ind1="4" ind2="0" tag="856"><subfield code="z">issues listed under title: Atlanta daily examiner</subfield><subfield code="u">http://atlnewspapers.galileo.usg.edu/atlnewspapers/search?sort=year&amp;title=Examiner&amp;source.page=1</subfield></datafield></record>